@misc{picflow,
  title = {Taylor-Couette Flow Picture},
  howpublished = {\url{https://upload.wikimedia.org/wikipedia/commons/thumb/3/3d/CouetteTaylorSystem.svg/1200px-CouetteTaylorSystem.svg.png}},
  note = {Accessed: 2022-06-07}
}

@misc{gibiNavier,
  title = {Fluid Dynamics: The Navier-Stokes Equations},
  howpublished = {\url{https://andrew.gibiansky.com/blog/physics/fluid-dynamics-the-navier-stokes-equations/}},
  note = {Accessed: 2022-06-21}
}

@misc{taylorhood,
  title = {The LBB condition for the Taylor-Hood P2-P1 and Scott-Vogelius P2-discP1 element pairs in 2-D},
  howpublished = {\url{https://www.clemson.edu/science/departments/math-stat/documents/technical-reports/ervin.sten2d.pdf}},
  note = {Accessed: 2022-06-29}
}

@misc{NumFlowBerlin,
  title = {The Navier–Stokes Equations},
  howpublished = {\url{https://www.wias-berlin.de/people/john/LEHRE/NUM_CFD/num_cfd_1.pdf}},
  note = {Accessed: 2022-06-28}
}

@misc{FineElChen,
  title = {FINITE ELEMENT METHODS FOR STOKES EQUATIONS},
  howpublished = {\url{https://www.math.uci.edu/~chenlong/226/FEMStokes.pdf}},
  note = {Accessed: 2022-06-28}
}

@misc{NecasSol,
  title = {ON SELF-SIMILAR SOLUTIONS OF THE NAVIER-STOKES EQUATIONS},
  howpublished = {\url{https://conservancy.umn.edu/bitstream/handle/11299/2775/1317.pdf?sequence=1&isAllowed=y}},
  note = {Accessed: 2022-06-28}
}

@misc{numFlowSaddle,
  author = {Michele Benzi},
  title = {Numerical solution of saddle point problems},
  howpublished = {\url{https://page.math.tu-berlin.de/~liesen/Publicat/BenGolLie05.pdf}},
  note = {Accessed: 2022-06-25}
}

@misc{NumFlow,
  author       = {Prof. Dr. Eberhard Bänsch}, 
  title        = {Numerical methods for incompressible flows I},
  howpublished = {Friedrich-Alexander-Universität Erlangen-Nürnberg},
  month        = 6,
  year         = 2022,
  note         = {Lecture in SoSe 2022}
}

@misc{MoSi21,
  author       = {Dr. Daniël Veldman}, 
  title        = {Practical Course: Modeling, Simulation, Optimization - Week 7},
  howpublished = {Friedrich-Alexander-Universität Erlangen-Nürnberg},
  month        = 5,
  year         = 2021,
  note         = {Lecture in SoSe 2021}
}

@misc{scalingRey,
  title = {Navier-Stokes equations and
turbulence},
  howpublished = {\url{https://www.ita.uni-heidelberg.de/~dullemond/lectures/num_fluid_2011/Chapter_11.pdf}},
  note = {Accessed: 2022-06-08}
}

@book{GaldiNavierStokes,
  author    = "G.P. Galdi",
  title     = "An Introduction to the Mathematical Theory of the Navier-Stokes Equations",
  year      = "2011",
  publisher = "Springer New York, NY",
  DOI       = {https://doi.org/10.1007/978-0-387-09620-9}
}

@book{ElstrodtAna3,
  author    = "Jürgen Elstrodt",
  title     = "Maß- und Integrationstheorie",
  publisher = "Springer-Verlag",
  year      = 2018,
  DOI       = {https://doi.org/10.1007/978-3-662-57939-8}
}

@misc{solproof,
  title = {Taylor-Couette Flow},
  howpublished = {\url{https://farside.ph.utexas.edu/teaching/336L/Fluid/node137.html}},
  note = {Accessed: 2022-06-08}
}

@misc{brezzi,
  title = {Finite elements for the Stokes problem},
  howpublished = {\url{http://arturo.imati.cnr.it/brezzi/papers/BBF-Stokes-CIME.pdf}},
  note = {Accessed: 2022-07-05}
}

@misc{visc,
  title = {List of viscosities},
  howpublished = {\url{https://en.wikipedia.org/wiki/List_of_viscosities}},
  note = {Accessed: 2022-07-21}
}

@misc{calcStokes,
  doi = {10.48550/ARXIV.2203.05929},
  
  url = {https://arxiv.org/abs/2203.05929},
  
  author = {Zhang, Jiachuan and Zhang, Ran and Wang, Xiaoshen},
  
  keywords = {Numerical Analysis (math.NA), FOS: Mathematics, FOS: Mathematics},
  
  title = {A Posteriori Estimates of Taylor-Hood Element for Stokes Problem Using Auxiliary Subspace Techniques},
  
  publisher = {arXiv},
  
  year = {2022},
  
  copyright = {arXiv.org perpetual, non-exclusive license}
}